@book{cormen,
  asin = {3486275151},
  author = {Cormen, Thomas H. and Leiserson, Charles E. and Rivest, Ronald L.},
  ean = {9783486275155},
  isbn = {3486275151},
  publisher = {Oldenbourg Wissensch.Vlg},
  title = {Algorithmen - Eine Einführung.},
  year = 2004
}

%@book{cormen2,
%  asin = {3486275151},
%  author = {Cormen, Thomas H. and Leiserson, Charles E. and Rivest, Ronald L.},
%  ean = {9783486275155},
%  isbn = {3486275151},
%  publisher = {Oldenbourg Wissensch.Vlg},
%  title = {Algorithmen - Eine Einführung.},
%  year = 2004
%}

@book{ottmann,
   author = {Ottmann, T. and Widmayer, P.},
   isbn = {978-3-8274-2803-5},
  publisher = {Spektrum Akademischer Verlag Heidelberg 2012},
  title = {Algorithmen und Datenstrukturen},
  year = 2012
}